@inproceedings{rivas,
    title="{DiPol-GAN: Generating Molecular Graphs Adversarially with Relational Differentiable Pooling}",
    author="{Rivas, P., Guarino, M., \& Shah, A.}",
    booktitle="NeurIPS Workshop",
    year="2019",
}